[gd_scene load_steps=10 format=2]

[ext_resource path="res://assets/Penguin/8.png" type="Texture" id=1]
[ext_resource path="res://assets/Penguin/7.png" type="Texture" id=2]
[ext_resource path="res://assets/Penguin/3.png" type="Texture" id=3]
[ext_resource path="res://assets/Penguin/5.png" type="Texture" id=4]
[ext_resource path="res://assets/Penguin/1.png" type="Texture" id=5]
[ext_resource path="res://assets/Penguin/6.png" type="Texture" id=6]
[ext_resource path="res://assets/Penguin/2.png" type="Texture" id=7]
[ext_resource path="res://assets/Penguin/4.png" type="Texture" id=8]

[sub_resource type="SpriteFrames" id=1]
resource_local_to_scene = true
animations = [ {
"frames": [ ExtResource( 5 ), ExtResource( 7 ), ExtResource( 3 ), ExtResource( 7 ), ExtResource( 5 ), ExtResource( 7 ), ExtResource( 3 ), ExtResource( 8 ), ExtResource( 4 ), ExtResource( 6 ), ExtResource( 2 ), ExtResource( 1 ) ],
"loop": true,
"name": "default",
"speed": 5.0
} ]

[node name="AnimatedSprite" type="AnimatedSprite"]
frames = SubResource( 1 )
frame = 4
playing = true
