[gd_scene load_steps=9 format=2]

[ext_resource path="res://assets/inventory.png" type="Texture" id=1]
[ext_resource path="res://assets/shop.png" type="Texture" id=2]
[ext_resource path="res://assets/background.png" type="Texture" id=3]
[ext_resource path="res://scenes/main/UI.gd" type="Script" id=4]
[ext_resource path="res://scenes/main/main.gd" type="Script" id=5]
[ext_resource path="res://assets/Luciid_transition.ogg" type="AudioStream" id=6]
[ext_resource path="res://assets/Luciid_loop.ogg" type="AudioStream" id=7]
[ext_resource path="res://assets/cinta_workspace.png" type="Texture" id=8]

[node name="Node" type="Node"]
script = ExtResource( 5 )
transition_type = 2

[node name="WorkTable" type="Control" parent="."]
margin_right = 1024.0
margin_bottom = 600.0
__meta__ = {
"_edit_use_anchors_": false
}

[node name="TextureRect" type="TextureRect" parent="WorkTable"]
anchor_right = 1.0
anchor_bottom = 1.0
texture = ExtResource( 3 )
stretch_mode = 1
__meta__ = {
"_edit_use_anchors_": false
}

[node name="UI" type="Control" parent="."]
anchor_right = 1.0
anchor_bottom = 1.0
script = ExtResource( 4 )
__meta__ = {
"_edit_use_anchors_": false
}

[node name="JunkjardButtonContainer" type="VBoxContainer" parent="UI"]
anchor_left = 1.0
anchor_right = 1.0
margin_left = -64.0
margin_top = 10.0
margin_right = -10.0
margin_bottom = 82.0
grow_horizontal = 2
grow_vertical = 2
alignment = 1
__meta__ = {
"_edit_use_anchors_": false
}

[node name="JunkjardButton" type="TextureButton" parent="UI/JunkjardButtonContainer"]
margin_right = 64.0
margin_bottom = 64.0
texture_normal = ExtResource( 2 )
__meta__ = {
"_edit_use_anchors_": false
}

[node name="JunkjardLabel" type="Label" parent="UI/JunkjardButtonContainer"]
margin_top = 68.0
margin_right = 64.0
margin_bottom = 82.0
text = "Junkjard"
align = 1
valign = 1

[node name="InventoryButtonContainer" type="VBoxContainer" parent="UI"]
margin_left = 10.0
margin_top = 10.0
__meta__ = {
"_edit_use_anchors_": false
}

[node name="InventoryButton" type="TextureButton" parent="UI/InventoryButtonContainer"]
margin_right = 72.0
margin_bottom = 72.0
texture_normal = ExtResource( 1 )

[node name="InventoryLabel" type="Label" parent="UI/InventoryButtonContainer"]
margin_top = 76.0
margin_right = 72.0
margin_bottom = 107.0
text = "Inventory
"
align = 1
valign = 1

[node name="FinishButton" type="Button" parent="UI"]
margin_left = 944.139
margin_top = 562.257
margin_right = 994.139
margin_bottom = 582.257
text = "Finish"
__meta__ = {
"_edit_use_anchors_": false
}

[node name="previewSprite" type="Sprite" parent="UI"]
position = Vector2( 500.089, 117 )
scale = Vector2( 1.7795, 1.73938 )

[node name="tapeRepairing" type="Sprite" parent="UI"]
position = Vector2( 513.895, 503.508 )
scale = Vector2( 3.56915, 2.50863 )
texture = ExtResource( 8 )

[node name="1" type="Node2D" parent="UI/tapeRepairing"]
position = Vector2( -109.128, -14.2704 )

[node name="AnimatedSprite0" type="AnimatedSprite" parent="UI/tapeRepairing/1"]
position = Vector2( 13.1781, 10.5676 )
scale = Vector2( 0.153266, 0.185396 )

[node name="2" type="Node2D" parent="UI/tapeRepairing"]
position = Vector2( -79.1454, -12.2318 )

[node name="AnimatedSprite1" type="AnimatedSprite" parent="UI/tapeRepairing"]
position = Vector2( -65.5738, -5.43022 )

[node name="3" type="Node2D" parent="UI/tapeRepairing"]
position = Vector2( -48.8021, -12.2318 )

[node name="AnimatedSprite2" type="AnimatedSprite" parent="UI/tapeRepairing"]
position = Vector2( -35.6557, -5.43022 )

[node name="Container4" type="Node2D" parent="UI/tapeRepairing"]

[node name="AnimatedSprite3" type="AnimatedSprite" parent="UI/tapeRepairing"]
position = Vector2( -3.86817, -5.43022 )

[node name="Container5" type="Container" parent="UI/tapeRepairing"]
margin_right = 40.0
margin_bottom = 40.0
__meta__ = {
"_edit_use_anchors_": false
}

[node name="AnimatedSprite4" type="AnimatedSprite" parent="UI/tapeRepairing"]
position = Vector2( 23.313, -5.43022 )

[node name="Container6" type="Container" parent="UI/tapeRepairing"]
margin_right = 40.0
margin_bottom = 40.0
__meta__ = {
"_edit_use_anchors_": false
}

[node name="AnimatedSprite5" type="AnimatedSprite" parent="UI/tapeRepairing"]
position = Vector2( 84.0162, -5.43022 )

[node name="Container7" type="Container" parent="UI/tapeRepairing"]
margin_right = 40.0
margin_bottom = 40.0
__meta__ = {
"_edit_use_anchors_": false
}

[node name="AnimatedSprite6" type="AnimatedSprite" parent="UI/tapeRepairing"]
position = Vector2( 53.8949, -5.43022 )

[node name="transition" type="AudioStreamPlayer" parent="."]
stream = ExtResource( 6 )
volume_db = -16.0
pitch_scale = 1.2

[node name="loop" type="AudioStreamPlayer" parent="."]
stream = ExtResource( 7 )
volume_db = 16.0

[node name="audioTween" type="Tween" parent="."]
